<record xmlns="http://www.loc.gov/MARC21/slim" xmlns:xsi="http://www.w3.org/2001/XMLSchema-instance" xsi:schemaLocation="http://www.loc.gov/MARC21/slim http://www.loc.gov/standards/marcxml/schema/MARC21slim.xsd"><leader>01644nam a2200325   4500</leader><controlfield tag="001">1683105</controlfield><controlfield tag="003">NIC</controlfield><controlfield tag="006">m        d        </controlfield><controlfield tag="007">cr cn |||m|||a</controlfield><controlfield tag="008">150116s1952    ua      o     000 0 arar </controlfield><datafield ind1=" " ind2=" " tag="040"><subfield code="a">NNU</subfield><subfield code="b">eng</subfield><subfield code="e">rda</subfield><subfield code="c">NNU</subfield></datafield><datafield ind1="1" ind2=" " tag="100"><subfield code="6">880-01</subfield><subfield code="a">T&#803;aba&#772;nah, Badawi&#772; Ah&#803;mad.</subfield></datafield><datafield ind1="1" ind2="0" tag="245"><subfield code="6">880-02</subfield><subfield code="a">Abu&#772; Hila&#772;l al-&#699;Askari&#772; wa-maqa&#772;yi&#772;suhu al-bala&#772;ghi&#772;yah /</subfield><subfield code="c">ta&#700;li&#772;f Badawi&#772; Ah&#803;mad T&#803;aba&#772;nah.</subfield></datafield><datafield ind1=" " ind2=" " tag="260"><subfield code="6">880-03</subfield><subfield code="a">al-Qa&#772;hirah,</subfield><subfield code="c">1952.</subfield></datafield><datafield ind1=" " ind2=" " tag="300"><subfield code="a">online resource (223 pages)</subfield></datafield><datafield ind1=" " ind2=" " tag="336"><subfield code="a">text</subfield><subfield code="2">rdacontent</subfield></datafield><datafield ind1=" " ind2=" " tag="337"><subfield code="a">computer</subfield><subfield code="2">rdamedia</subfield></datafield><datafield ind1=" " ind2=" " tag="338"><subfield code="a">online resource</subfield><subfield code="2">rdacarrier</subfield></datafield><datafield ind1=" " ind2=" " tag="500"><subfield code="a">Part of the Arabic Collections Online (ACO) project, contributed by Cornell University Libraries.</subfield></datafield><datafield ind1=" " ind2=" " tag="533"><subfield code="a">Electronic reproduction.</subfield><subfield code="b">New York, N.Y. :</subfield><subfield code="c">New York University,</subfield><subfield code="d">2015.</subfield><subfield code="5">NNU</subfield></datafield><datafield ind1="2" ind2=" " tag="710"><subfield code="a">Cornell University.</subfield><subfield code="b">Libraries.</subfield></datafield><datafield ind1="0" ind2=" " tag="730"><subfield code="a">Arabic Collections Online.</subfield></datafield><datafield ind1="0" ind2="8" tag="776"><subfield code="i">Online version:</subfield><subfield code="a">T&#803;aba&#772;nah, Badawi&#772; Ah&#803;mad.</subfield><subfield code="t">Abu&#772; Hila&#772;l al-&#699;Askari&#772; wa-maqa&#772;yi&#772;suhu al-bala&#772;ghi&#772;yah.</subfield><subfield code="d">al-Qa&#772;hirah :, 1952</subfield><subfield code="w">(OCoLC)586069034</subfield></datafield><datafield ind1="0" ind2="8" tag="776"><subfield code="i">Print version:</subfield><subfield code="a">T&#803;aba&#772;nah, Badawi&#772; Ah&#803;mad.</subfield><subfield code="t">Abu&#772; Hila&#772;l al-&#699;Askari&#772; wa-maqa&#772;yi&#772;suhu al-bala&#772;ghi&#772;yah</subfield><subfield code="w">(NIC)1683105</subfield><subfield code="w">(DLC)   82167742 </subfield><subfield code="w">(OCoLC)17040345</subfield></datafield><datafield ind1="4" ind2="0" tag="856"><subfield code="u">http://hdl.handle.net/2333.1/zw3r24kc</subfield></datafield><datafield ind1="1" ind2=" " tag="880"><subfield code="6">100-01/r</subfield><subfield code="a">&#1591;&#1576;&#1575;&#1606;&#1577;&#1548; &#1576;&#1583;&#1608;&#1610; &#1575;&#1581;&#1605;&#1583;.</subfield></datafield><datafield ind1="1" ind2="0" tag="880"><subfield code="6">245-02/r</subfield><subfield code="a">&#1575;&#1576;&#1608; &#1607;&#1604;&#1575;&#1604; &#1575;&#1604;&#1593;&#1587;&#1603;&#1585;&#1610; &#1608;&#1605;&#1602;&#1575;&#1610;&#1610;&#1587;&#1607; &#1575;&#1604;&#1576;&#1604;&#1575;&#1594;&#1610;&#1577; /</subfield><subfield code="c">&#1578;&#1571;&#1604;&#1610;&#1601; &#1576;&#1583;&#1608;&#1610; &#1575;&#1581;&#1605;&#1583; &#1591;&#1576;&#1575;&#1606;&#1577;.</subfield></datafield><datafield ind1=" " ind2=" " tag="880"><subfield code="6">260-03/r</subfield><subfield code="a">&#1575;&#1604;&#1602;&#1575;&#1607;&#1585;&#1577;&#1548;</subfield><subfield code="c">1952.</subfield></datafield><datafield ind1=" " ind2=" " tag="959"><subfield code="a">NNU</subfield><subfield code="b">WEB</subfield><subfield code="c">GENI</subfield><subfield code="t">0</subfield><subfield code="m">Electronic access</subfield><subfield code="s">01</subfield></datafield><datafield ind1=" " ind2=" " tag="999"><subfield code="i">NIC_1683105</subfield><subfield code="o">(OCoLC)ocm17040345</subfield></datafield></record>